@article{artzner1999coherent,
  title={Coherent measures of risk},
  author={Artzner, Philippe and Delbaen, Freddy and Eber, Jean-Marc and Heath, David},
  journal={Mathematical finance},
  volume={9},
  number={3},
  pages={203--228},
  year={1999},
  publisher={Wiley Online Library}
}
@article{auer2015safe,
  title={A safe haven: international demand for Swiss francs during the euro area debt crisis},
  author={Auer, Raphael},
  journal={SNB Quarterly Bulletin},
  volume={33},
  number={2},
  pages={40--53},
  year={2015}
}
@article{behr20092008,
  title={The 2008 oil price shock: competing explanations and policy implications},
  author={Behr, Timo},
  journal={Gppi Global Energy Governance Project Policy Paper Series},
  volume={1},
  year={2009}
}
@article{bergholt2016business,
  title={Business cycles in an oil economy: Lessons from Norway},
  author={BerghoLt, Drago and Larsen, Vegard H},
  year={2016},
  publisher={Norges Bank Working Paper 16/2016}
}
@article{chen2003commodity,
  title={Commodity currencies},
  author={Chen, Yu-chin and Rogoff, Kenneth},
  journal={Journal of international Economics},
  volume={60},
  number={1},
  pages={133--160},
  year={2003},
  publisher={Elsevier}
}
@article{claessens2010cross,
  title={Cross-country experiences and policy implications from the global financial crisis},
  author={Claessens, Stijn and Dell’Ariccia, Giovanni and Igan, Deniz and Laeven, Luc},
  journal={Economic policy},
  volume={25},
  number={62},
  pages={267--293},
  year={2010},
  publisher={Oxford University Press Oxford, UK}
}
@article{geboers2023peak,
  title={Peak-to-valley drawdowns: insights into extreme path-dependent market risk},
  author={Geboers, Hans and Depaire, Benoit and Straetmans, Stefan},
  journal={Journal of Risk},
  year={2023}
}
@article{dominguez2012international,
  title={International reserves and the global financial crisis},
  author={Dominguez, Kathryn ME and Hashimoto, Yuko and Ito, Takatoshi},
  journal={Journal of International Economics},
  volume={88},
  number={2},
  pages={388--406},
  year={2012},
  publisher={Elsevier}
}
@article{manganelli2001value,
  title={Value at risk models in finance},
  author={Manganelli, Simone and Engle, Robert F},
  year={2001},
  publisher={ECB working paper}
}
@misc{EuropeanUnion2024,
  author       = {European Union},
  title        = {History and purpose. From Maastricht to the euro and the euro area, 1991 to 2002},
  year         = {2024},
  url          = {https://european-union.europa.eu/institutions-law-budget/euro/history-and-purpose_en},
  note         = {Accessed: 2024-12-07}
}
@article{frohm2024strengthening,
  title={Strengthening economic resilience within global value chains in Switzerland},
  author={Frohm, Erik},
  year={2024},
  publisher={OECD}
}
@article{geboers2023review,
  title={A review on drawdown risk measures and their implications for risk management},
  author={Geboers, Hans and Depaire, Beno{\^\i}t and Annaert, Jan},
  journal={Journal of Economic Surveys},
  volume={37},
  number={3},
  pages={865--889},
  year={2023},
  publisher={Wiley Online Library}
}
@article{hamelink2003maximum,
  title={The maximum drawdown as a risk measure: the role of real estate in the optimal portfolio revisited},
  author={Hamelink, Foort and Hoesli, Martin},
  journal={FAME Research Paper},
  number={87},
  year={2003}
}
@book{hull2012risk,
  title={Risk management and financial institutions,+ Web Site},
  author={Hull, John},
  volume={733},
  year={2012},
  publisher={John Wiley \& Sons}
}
@article{juncker2015completing,
  title={Completing Europe's economic and monetary union},
  author={Juncker, Jean Claude and Tusk, Donald and Dijsselbloem, Jeroen and Draghi, Mario and Schulz, Martin},
  year={2015},
  publisher={Office for Official Publications of the European Communities}
}
@article{kopyl2016safe,
  title={How safe are the safe haven assets?},
  author={Kopyl, Kateryna Anatoliyevna and Lee, John Byong-Tek},
  journal={Financial Markets and Portfolio Management},
  volume={30},
  number={4},
  pages={453--482},
  year={2016},
  publisher={Springer}
}
@article{lane2012european,
  title={The European sovereign debt crisis},
  author={Lane, Philip R},
  journal={Journal of economic perspectives},
  volume={26},
  number={3},
  pages={49--68},
  year={2012},
  publisher={American Economic Association}
}
@article{lleo2015swiss,
  title={The Swiss black swan bad scenario: Is Switzerland another casualty of the Eurozone crisis?},
  author={Lleo, Sebastien and Ziemba, William T},
  journal={International Journal of Financial Studies},
  volume={3},
  number={3},
  pages={351--380},
  year={2015},
  publisher={MDPI}
}
@article{kongsilp2017volatility,
  title={Volatility risk and stock return predictability on global financial crises},
  author={Kongsilp, Worawuth and Mateus, Cesario},
  journal={China Finance Review International},
  volume={7},
  number={1},
  pages={33--66},
  year={2017},
  publisher={Emerald Publishing Limited}
}
@article{poon2003forecasting,
  title={Forecasting volatility in financial markets: A review},
  author={Poon, Ser-Huang and Granger, Clive W J},
  journal={Journal of economic literature},
  volume={41},
  number={2},
  pages={478--539},
  year={2003},
  publisher={American Economic Association}
}
@article{rebonato2006analysis,
  title={Analysis of drawdowns and drawups in the US $ interest-rate market},
  author={Rebonato, Riccardo and Gaspari, Valerio},
  journal={Quantitative Finance},
  volume={6},
  number={4},
  pages={297--326},
  year={2006},
  publisher={Taylor \& Francis}
}
@article{scrucca2024entropy,
  title={Entropy-Based Volatility Analysis of Financial Log-Returns Using Gaussian Mixture Models},
  author={Scrucca, Luca},
  journal={Entropy},
  volume={26},
  number={11},
  pages={907},
  year={2024},
  publisher={MDPI}
}
@article{shirai2020bank,
  title={The Bank of Japan’s Exchange-Traded Fund Purchases under Quantitative and Qualitative Easing with Yield Curve Control},
  author={Shirai, Sayuri},
  journal={Monetary Policy Implementation in East Asia},
  pages={143--166},
  year={2020},
  publisher={Springer}
}
@article{stan2014computation,
  title={Computation of hurst exponent of time series using delayed (log-) returns. Application to estimating the financial volatility},
  author={Stan, Cristina and Cristescu, Cristina-Maria and Cristescu, Constantin P},
  journal={UPB Sci. Bull. Ser. A},
  volume={76},
  number={3},
  pages={235--244},
  year={2014}
}
